<?xml version="1.0" encoding="UTF-8"?><collection xmlns="http://www.loc.gov/MARC21/slim"><record><leader>00619nam--2200181-i-4500</leader><controlfield tag="001">000015060</controlfield><controlfield tag="002">20161230</controlfield><controlfield tag="005">20161230201031</controlfield><controlfield tag="008">060222s1000------------r-----000-0-eng-d</controlfield><datafield ind1=" " ind2=" " tag="040"><subfield code="a">IFIN-HH</subfield></datafield><datafield ind1=" " ind2=" " tag="080"><subfield code="a">533.9:537.86(061.3)</subfield></datafield><datafield ind1="1" ind2=" " tag="100"><subfield code="a">Burgess, R.E</subfield></datafield><datafield ind1="1" ind2="0" tag="245"><subfield code="a">Radioelectronics</subfield><subfield code="b">Proceedings of commision vii on radioelectronics during the xivth general assembly of ursi, tokyo, september, 1963</subfield><subfield code="c">R.E. BURGESS (Ed.)</subfield></datafield><datafield ind1=" " ind2=" " tag="260"><subfield code="a">Amsterdam, Elsevier Publishing Company, 1965</subfield></datafield><datafield ind1=" " ind2=" " tag="300"><subfield code="a">166 P</subfield></datafield><datafield ind1=" " ind2=" " tag="490"><subfield code="a">Progress In Radio Science 1960-1963</subfield><subfield code="v">Vol. VII</subfield></datafield><datafield ind1=" " ind2=" " tag="852"><subfield code="a">77165</subfield><subfield code="c">533.9</subfield></datafield><datafield ind1=" " ind2=" " tag="CAT"><subfield code="a">Sys</subfield><subfield code="c">20101002</subfield><subfield code="h">140131</subfield></datafield></record></collection>